<?xml version="1.0" encoding="UTF-8"?><collection xmlns="http://www.loc.gov/MARC21/slim"><record><leader>00328nam--2200133-i-4500</leader><controlfield tag="001">000049467</controlfield><controlfield tag="002">20161230</controlfield><controlfield tag="005">20161230201047</controlfield><controlfield tag="008">060222s1000------------r-----000-0-eng-d</controlfield><datafield ind1=" " ind2=" " tag="080"><subfield code="a">543.544.25</subfield></datafield><datafield ind1=" " ind2=" " tag="100"><subfield code="a">Alekseev,K.V</subfield></datafield><datafield ind1=" " ind2=" " tag="245"><subfield code="a">Piroliticheskaia gazovaia hromatografiia</subfield></datafield><datafield ind1=" " ind2=" " tag="260"><subfield code="a">Moskva, Himiia, 1985. 256 S</subfield></datafield><datafield ind1=" " ind2=" " tag="852"><subfield code="a">73581</subfield></datafield></record></collection>